%%
%% WinShell 3.3.2.6
%% http://www.winshell.org/
%%

% Strings


% Preamble


% BibTeX Entries
@article{original,
 title		=	{Métodos no Jerárquicos de Análisis Cluster.},
 publisher            = {Universidad de Granada},
 note = {Capítulo 4},
 year                 = {2014},
 
 }
 
@book{k-means++,
 author               = {David Arthur and Sergei Vassilvitskii},
 title   = {k-means++: The Advantages of Careful Seeding},
 publisher            = {Stanford Theory Groups},
 year                 = {2007},

 }
 
@book{Forgy-kmeans,
 author               = {Pedro Larrañaga and Iñaqui Inza and Abdelmalik Moujahid},
 title				  = {Tema 14. Clustering},
 publisher            = {Departamento de Ciencias de la Computación e Inteligencia Artificial - Universidad del País Vasco},
 year                 = {2014},
 }

@book{Andrea-Guillermo,
 author               = {Andrea Villagra and Ana Guzmán and Daniel Pandolfi and Guillermo Leguizamo?n},
 title				  = {Ana?lisis de medidas no-supervisadas de calidad en clusters obtenidos por K-means},
 publisher            = {Universidad Nacional de la Patagonia Austral and Universidad Nacional de San Luis},
 year                 = {2012},
 }

@ARTICLE{6740074,
author={Y. Xu and W. Qu and Z. Li and G. Min and K. Li and Z. Liu},
journal={IEEE Transactions on Parallel and Distributed Systems},
title={Efficient k -Means++ Approximation with MapReduce},
year={2014},
volume={25},
number={12},
pages={3135-3144},
doi={10.1109/TPDS.2014.2306193},
ISSN={1045-9219},
month={Dec},}

@ARTICLE{1114856,
author={U. Maulik and S. Bandyopadhyay},
journal={IEEE Transactions on Pattern Analysis and Machine Intelligence},
title={Performance evaluation of some clustering algorithms and validity indices},
year={2002},
volume={24},
number={12},
pages={1650-1654},
doi={10.1109/TPAMI.2002.1114856},
ISSN={0162-8828},
month={Dec},}

@PhdThesis{SchulteImWalde:03,
  author = 	 "Sabine {Schulte im Walde}",
  title = 	 "Experiments on the {A}utomatic {I}nduction of {G}erman {S}emantic {V}erb {C}lasses",
  school = 	 "Institut for Maschinelle Sprachverarbeitung, University Stuttgart",
  year = 	 "2003",
  note =         "Published as AIMS Report 9(2)",
}

 