%%
%% WinShell 3.3.2.6
%% http://www.winshell.org/
%%

% Strings


% Preamble


% BibTeX Entries
@Article{MilliganCooper,
	author		=		{G.W. Milligan and C. Cooper},
	title		=		{An Examination of Procedures for Determining the Number of Clusters in a Data Set},
	journal		=		{Psychometrika},
	volume		=		{50},
	pages		=		{159-179},
	year			=		{1985},
}

@Article{MeilaHeckerman,
	author		=		{M. Meila and D. Heckerman},
	title		=		{An Experimental Comparison of Several Clustering and Initialization Methods},
	journal		=		{Proc. 14th Conf. Uncertainty in Artificial Intelligence},
	pages		=		{386-395},
	year			=		{1998},
}

@Article{Fraley,
	author		=		{C. Fraley and A.E. Raftery},
	title		=		{How Many Clusters? Which Clustering Method? Answers Via Model-Based Cluster Analysis},
	journal		=		{The Computer J.},
	volume		=		{41},
	pages		=		{578-588},
	year			=		{1998},
}

@Article{Hall,
	author		=		{L.O. Hall and I.B. Ozyurt and J. C. Bezdek},
	title		=		{Clustering with a Genetically Optimized Approach},
	journal		=		{IEEE Trans. Evolutionary Computation},
	volume		=		{3},
	pages		=		{103-112},
	year			=		{1999},
}

@Article{DB,
	author		=		{D.L. Davies and D.W. Bouldin},
	title		=		{A Cluster Separation Measure},
	journal		=		{IEEE Trans. Pattern Analysis and Machine Intelligence},
	volume		=		{1},
	pages		=		{224-227},
	year			=		{1979},
}

@Article{Dunn,
	author		=		{J.C. Dunn},
	title		=		{A Fuzzy Relative of the ISODATA Process and Its Use in Detecting Compact Well-Separated Clusters},
	journal		=		{J. Cybernetics},
	volume		=		{3},
	pages		=		{32-57},
	year			=		{1973},
}

@book{original,
 title			=		{Metodos no Jerarquicos de Analisis de Cluster},
 publisher		=		{Universidad de Granada},
 note 			=		{capítulo 4},
 year			=		{2014},
 
 }
 
@book{k-means++,
 author			=		{S. Vassilvitski},
 title			=		{k-means++: The Advantages of Careful Seeding},
 publisher		=		{Standar Theory Groups},
 year			=		{2007},
 }
 
@book{Forgy-kmeans,
 author			=		{P. Larrañaga anda I. Inza and A. Moujahid},
 title			=		{Tema 14. Clustering},
 publisher		=		{Departamento de Ciencias de la Computacion e Inteligencia Artificial - Universidad del País Vasco},
 year			=		{2014},
 }